
@article{ye2018power,
  title={Power of deep learning for channel estimation and signal detection in OFDM systems},
  author={Ye, Hao and Li, Geoffrey Ye and Juang, Biing-Hwang},
  journal={IEEE Wireless Communications Letters},
  volume={7},
  number={1},
  pages={114--117},
  year={2018},
  publisher={IEEE}
}

@inproceedings{felix2018ofdm,
  title={OFDM-Autoencoder for end-to-end learning of communications systems},
  author={Felix, Alexander and Cammerer, Sebastian and D{\"o}rner, Sebastian and Hoydis, Jakob and Ten Brink, Stephan},
  booktitle={2018 IEEE 19th International Workshop on Signal Processing Advances in Wireless Communications (SPAWC)},
  pages={1--5},
  year={2018},
  organization={IEEE}
}

@inproceedings{ye2018channel,
  title={Channel agnostic end-to-end learning based communication systems with conditional gan},
  author={Ye, Hao and Li, Geoffrey Ye and Juang, Biing-Hwang Fred and Sivanesan, Kathiravetpillai},
  booktitle={2018 IEEE Globecom Workshops (GC Wkshps)},
  pages={1--5},
  year={2018},
  organization={IEEE}
}

@article{schwab2018phonemd,
  title={PhoneMD: Learning to Diagnose Parkinson's Disease from Smartphone Data},
  author={Schwab, Patrick and Karlen, Walter},
  journal={arXiv preprint arXiv:1810.01485},
  year={2018}
}

@article{bot2016mpower,
  title={The mPower study, Parkinson disease mobile data collected using ResearchKit},
  author={Bot, Brian M and Suver, Christine and Neto, Elias Chaibub and Kellen, Michael and Klein, Arno and Bare, Christopher and Doerr, Megan and Pratap, Abhishek and Wilbanks, John and Dorsey, E Ray and others},
  journal={Scientific data},
  volume={3},
  pages={160011},
  year={2016},
  publisher={Nature Publishing Group}
}

@article{arora2015detecting,
  title={Detecting and monitoring the symptoms of Parkinson's disease using smartphones: a pilot study},
  author={Arora, Siddharth and Venkataraman, Vinayak and Zhan, Andong and Donohue, S and Biglan, Kevin M and Dorsey, E Ray and Little, Max A},
  journal={Parkinsonism \& related disorders},
  volume={21},
  number={6},
  pages={650--653},
  year={2015},
  publisher={Elsevier}
}

@article{pahwa2010early,
  title={Early diagnosis of Parkinsonâ€™s disease: recommendations from diagnostic clinical guidelines},
  author={Pahwa, Rajesh and Lyons, Kelly E},
  journal={Am J Manag Care},
  volume={16},
  number={4},
  pages={94--99},
  year={2010}
}

@article{global2002factors,
  title={Factors impacting on quality of life in Parkinson's disease: results from an international survey},
  author={Global Parkinson's Disease Survey (GPDS) Steering Committee},
  journal={Movement Disorders},
  volume={17},
  number={1},
  pages={60--67},
  year={2002},
  publisher={Wiley Online Library}
}

@inproceedings{balestriero2018spline,
  title={Spline Filters For End-to-End Deep Learning},
  author={Balestriero, Randall and Cosentino, Romain and Glotin, Herve and Baraniuk, Richard},
  booktitle={International Conference on Machine Learning},
  pages={373--382},
  year={2018}
}

@article{zheng2014breast,
  title={Breast cancer diagnosis based on feature extraction using a hybrid of K-means and support vector machine algorithms},
  author={Zheng, Bichen and Yoon, Sang Won and Lam, Sarah S},
  journal={Expert Systems with Applications},
  volume={41},
  number={4},
  pages={1476--1482},
  year={2014},
  publisher={Elsevier}
}

@article{oresko2010wearable,
  title={A wearable smartphone-based platform for real-time cardiovascular disease detection via electrocardiogram processing},
  author={Oresko, Joseph J and Jin, Zhanpeng and Cheng, Jun and Huang, Shimeng and Sun, Yuwen and Duschl, Heather and Cheng, Allen C},
  journal={IEEE Transactions on Information Technology in Biomedicine},
  volume={14},
  number={3},
  pages={734--740},
  year={2010},
  publisher={IEEE}
}

@article{esteva2017dermatologist,
  title={Dermatologist-level classification of skin cancer with deep neural networks},
  author={Esteva, Andre and Kuprel, Brett and Novoa, Roberto A and Ko, Justin and Swetter, Susan M and Blau, Helen M and Thrun, Sebastian},
  journal={Nature},
  volume={542},
  number={7639},
  pages={115},
  year={2017},
  publisher={Nature Publishing Group}
}

@inproceedings{suhara2017deepmood,
  title={Deepmood: Forecasting depressed mood based on self-reported histories via recurrent neural networks},
  author={Suhara, Yoshihiko and Xu, Yinzhan and Pentland, Alex'Sandy'},
  booktitle={Proceedings of the 26th International Conference on World Wide Web},
  pages={715--724},
  year={2017},
  organization={International World Wide Web Conferences Steering Committee}
}
